@article{GovernmentofOntario,
    title = {{Ministry of Children and Youth Services}},
    author = {Government of Ontario, Ministry of Children and Youth Services, Communications and Marketing Branch},
    publisher = {Government of Ontario, Ministry of Children and Youth Services, Communications and Marketing Branch},
    keywords = {Adoption, Children, Special Needs, Youth, Youth Justice}
}

@book{Darwin1859,
    title = {{On the Origin of Species}},
    year = {1859},
    author = {Darwin, Charles},
    pages = {502}
}

@book{Eitzen2018,
    title = {{Social Problems}},
    year = {2018},
    author = {Eitzen, D. Stanley and Zinn, Maxine B. and Smith, Kelly E.},
    edition = {14},
    publisher = {Pearson Higher Ed}
}

@article{Anderson1978,
    title = {{The diplomacy of discrimination: Chinese exclusion, 1876-1882}},
    year = {1978},
    journal = {California History},
    author = {Anderson, David L.},
    number = {1},
    pages = {32--45},
    volume = {57},
    doi = {10.2307/25157814},
    issn = {01622897}
}

@misc{CrowderCommonYouTube,
    title = {{"Common Sense" Gun Reform?! | Louder With Crowder - YouTube}},
    author = {Crowder, Steven},
    url = {https://www.youtube.com/watch?v=yp6bvhN0NFo}
}

@misc{BlackLivesMatter2020DefundThePoliceMatter,
    title = {{{\#}DefundThePolice - Black Lives Matter}},
    year = {2020},
    author = {{Black Lives Matter}},
    url = {https://blacklivesmatter.com/defundthepolice/?__cf_chl_jschl_tk__=343f0199942fd2cdc2cf6b71c058986b6bfd96ca-1597614425-0-AUrE6lSzXlOTZ-zPIMcKVSriaMz-xHA46ZGBTh_FTwLdgaSoU3xneoJ0-LZTDw5c-hzDS-vFBt0oUy1NWQw1Gc46bAcUpuNAcs-UOlLFZYKQQsWn3erTs5RR52tci_JjqKj2Hm5}
}

@misc{RaleighDefundTrump,
    title = {{'Defund The Police' Has Increased Gun Sales And Support For Trump}},
    author = {Raleigh, Helen},
    url = {https://thefederalist.com/2020/07/15/defund-the-police-has-increased-gun-sales-and-support-for-trump/}
}

@misc{RossJr.2018NoChronicle,
    title = {{'No creed but Christ, no book but the Bible' | The Christian Chronicle}},
    year = {2018},
    booktitle = {The Christian Chronicle},
    author = {Ross Jr., Bobby},
    month = {12},
    url = {https://christianchronicle.org/no-creed-but-christ-no-book-but-the-bible/},
    keywords = {Confession, Confessionalism, Creed}
}

@misc{USCitizenshipandImmigrationServices100USCIS,
    title = {{100 Civics Questions and Answers with MP3 Audio (English version) | USCIS}},
    author = {{US Citizenship and Immigration Services}},
    url = {https://www.uscis.gov/citizenship/find-study-materials-and-resources/study-for-the-test/100-civics-questions-and-answers-with-mp3-audio-english-version}
}

@misc{MohlerJr.2005AMaturity,
    title = {{A Call for Theological Triage and Christian Maturity}},
    year = {2005},
    booktitle = {Albert Mohler},
    author = {Mohler Jr., Albert},
    url = {https://albertmohler.com/2005/07/12/a-call-for-theological-triage-and-christian-maturity},
    keywords = {Christianity, Theilogical Triage, theology}
}

@misc{Jackson2020ACNN,
    title = {{A crisis mental-health hotline has seen an 891{\%} spike in calls - CNN}},
    year = {2020},
    booktitle = {Cable News Network},
    author = {Jackson, Amanda},
    month = {4},
    url = {https://edition.cnn.com/2020/04/10/us/disaster-hotline-call-increase-wellness-trnd/index.html},
    keywords = {COVID-19, mental health}
}

@misc{Elassar2020ACNN,
    title = {{A record number of people are giving up their US citizenship, according to new research. Here's why - CNN}},
    year = {2020},
    author = {Elassar, Alaa},
    url = {https://www.cnn.com/2020/08/09/us/us-citizenship-renounced-data-trnd/index.html}
}

@article{Blair2014A2013.,
    title = {{A study of active shooter incidents in the United States between 2000 and 2013.}},
    year = {2014},
    journal = {Federal Bureau of Investigation},
    author = {Blair, J. Pete and Schweit, Katherine W.},
    pages = {47},
    url = {https://www.fbi.gov/file-repository/active-shooter-study-2000-2013-1.pdf/view},
    keywords = {Active Shooters}
}

@article{Fang2010APolice,
    title = {{A World Without Police}},
    year = {2010},
    journal = {Nature},
    author = {Fang, Janet},
    number = {July},
    pages = {432--434},
    volume = {466}
}

@techreport{Ng2018AggressionTheory,
    title = {{Aggression Influenced by Peers in Preschoolers: An Extended Look on Social Learning Theory}},
    year = {2018},
    author = {Ng, Yat Fung Joshua},
    institution = {University of California, Santa Cruz},
    address = {Santa Cruz},
    keywords = {Aggression, Children, Developmental Psychology, Preschool, Social Learning Theory}
}

@misc{Amazon.com:Books,
    title = {{Amazon.com: Race, Class, {\&} Gender: An Anthology 9TH Edition (9781305093614): Andersen, Margaret L., Hill Collins, Patricia: Books}},
    url = {https://www.amazon.com/Race-Class-Gender-Anthology-9TH/dp/1305093615}
}

@article{JacobsAmericanInstitute,
    title = {{American Gun Ownership: The Positive Impacts of Law-Abiding Citizens Owning Firearms | The Libertarian Institute}},
    journal = {https://libertarianinstitute.org/},
    author = {Jacobs, Sam},
    url = {https://libertarianinstitute.org/articles/gun-ownership-in-america/}
}

@misc{BeckettAmericansGuardian,
    title = {{Americans purchasing record-breaking numbers of guns amid coronavirus | World news | The Guardian}},
    author = {Beckett, Lois},
    url = {https://www.theguardian.com/world/2020/apr/01/us-gun-purchases-coronavirus-record}
}

@article{Lankford2019AreStates,
    title = {{Are the Deadliest Mass Shootings Preventable? An Assessment of Leakage, Information Reported to Law Enforcement, and Firearms Acquisition Prior to Attacks in the United States}},
    year = {2019},
    journal = {Journal of Contemporary Criminal Justice},
    author = {Lankford, Adam and Adkins, Krista Grace and Madfis, Eric},
    number = {3},
    month = {8},
    pages = {315--341},
    volume = {35},
    publisher = {SAGE Publications Inc.},
    doi = {10.1177/1043986219840231},
    issn = {15525406},
    keywords = {firearms, leakage, prevention, public mass shootings, warning signs}
}

@article{Bui2020AsianWork,
    title = {{Asian Roboticism: Connecting Mechanized Labor to the Automation of Work}},
    year = {2020},
    journal = {Perspectives on Global Development and Technology},
    author = {Bui, Long},
    number = {1-2},
    pages = {110--126},
    volume = {19},
    isbn = {1569149712},
    doi = {10.1163/15691497-12341544},
    issn = {15691497},
    keywords = {Asian, China, Korea, Philippines, automation, machine, robots}
}

@article{Ramberg2016BackwardIndia,
    title = {{Backward Futures and Pasts Forward: Queer Time, Sexual Politics, and Dalit Religiosity in South India}},
    year = {2016},
    journal = {Glq},
    author = {Ramberg, Lucinda},
    number = {2},
    pages = {223--248},
    volume = {22},
    doi = {10.1215/10642684-3428759},
    issn = {15279375}
}

@misc{Abagnale2017CatchYouTube,
    title = {{Catch Me If You Can | Frank Abagnale | Talks at Google - YouTube}},
    year = {2017},
    booktitle = {YouTube},
    author = {Abagnale, Frank},
    month = {11},
    url = {https://www.youtube.com/watch?v=vsMydMDi3rI},
    keywords = {cyber-security}
}

@article{Wasserstrom2018ChinaKnow,
    title = {{China in the 21st Century: What Everyone Needs to Know}},
    year = {2018},
    journal = {Oxford University Press},
    author = {Wasserstrom, Jeffery N. and Cunningham, Maura Elizabeth},
    pages = {131--159},
    keywords = {China, Superpower}
}

@article{McClanahan2011ComingCrisis,
    title = {{Coming due: Accounting for debt, counting on crisis}},
    year = {2011},
    journal = {South Atlantic Quarterly},
    author = {McClanahan, Annie},
    number = {2},
    pages = {539--545},
    volume = {110},
    doi = {10.1215/00382876-1162579},
    issn = {00382876}
}

@misc{McArdleCoronavirusReview,
    title = {{Coronavirus Lockdowns {\&} George Floyd Riots: Gun Sales Spike | National Review}},
    author = {McArdle, Mairead},
    url = {https://www.nationalreview.com/news/gun-sales-spike-fbi-background-checks-smash-records-in-may/}
}

@article{PoliticoMagazine2020CoronavirusHow.,
    title = {{Coronavirus Will Change the World Permanently. Here’s How.}},
    year = {2020},
    journal = {Politico},
    author = {{Politico Magazine}},
    pages = {1--36},
    url = {https://www.politico.com/news/magazine/2020/03/19/coronavirus-effect-economy-life-society-analysis-covid-135579?cid=apn}
}

@misc{PoliticalMagazine2020CoronavirusPOLITICO,
    title = {{Coronavirus Will Change the World Permanently. Here’s How. - POLITICO}},
    year = {2020},
    author = {{Political Magazine}},
    url = {https://www.politico.com/news/magazine/2020/03/19/coronavirus-effect-economy-life-society-analysis-covid-135579?cid=apn}
}

@misc{LopezCoronavirus-inspiredVox,
    title = {{Coronavirus-inspired gun purchases will make America less safe - Vox}},
    author = {Lopez, German},
    url = {https://www.vox.com/2020/4/2/21203487/coronavirus-pandemic-guns-mass-shootings}
}

@misc{LeeCoronavirus:Times,
    title = {{Coronavirus: Gun sales are surging across U.S. - Los Angeles Times}},
    author = {Lee, Kurtis and Chabria, Anita},
    url = {https://www.latimes.com/world-nation/story/2020-03-15/coronavirus-pandemic-gun-sales-surge-us-california}
}

@techreport{Ng2018CorrelationBeing,
    title = {{Correlation Between the Quality and Quantity of Friends and Personal Mental Well Being of University Students: Are Friends the Best Resource for Mental Well Being?}},
    year = {2018},
    author = {Ng, Yat Fung Joshua},
    institution = {University of California, Santa Cruz},
    address = {Santa Cruz},
    keywords = {friends, mental health}
}

@incollection{Parsons2015CreedsConfessions,
    title = {{Creeds and Confessions}},
    year = {2015},
    booktitle = {The Reformation Study Bible: English Standard Version (2015 Edition)},
    author = {Parsons, Burk},
    editor = {Sproul, R.C.},
    pages = {2354 - 2357},
    publisher = {Reformed Turst},
    address = {Orlando, Florida},
    keywords = {Chirstian confessionalism, Confessions, Creeds}
}

@book{Horkheimer1972CriticalTheory,
    title = {{Critical Theory}},
    year = {1972},
    author = {Horkheimer, Max},
    publisher = {Continuum},
    address = {New York},
    isbn = {0826400833},
    keywords = {Critical Theory}
}

@misc{2005CriticalPhilosophy,
    title = {{Critical Theory (Stanford Encyclopedia of Philosophy)}},
    year = {2005},
    booktitle = {Standford Encyclopedia of Philosophy},
    month = {3},
    url = {https://plato.stanford.edu/entries/critical-theory/},
    keywords = {Critical Theory}
}

@misc{Stuckey2020CriticalYouTube,
    title = {{Critical Theory: A Disastrous, Unbiblical Worldview | Ep 275 - YouTube}},
    year = {2020},
    author = {Stuckey, Allie Beth and Shenvi, Neil},
    url = {https://www.youtube.com/watch?v=Kie9r89naF0&t=1044s}
}

@article{WALLACE2016DoTravel,
    title = {{Do Pathogens Time Travel?}},
    year = {2016},
    journal = {Big Farms Make Big Flu},
    author = {WALLACE, R O B and DAVIS, MIKE},
    pages = {85--88},
    volume = {0},
    url = {http://www.jstor.org/stable/j.ctt1b3h9f3.8},
    isbn = {9781583675908}
}

@misc{RubinDoYouTube,
    title = {{Do You Really Understand Guns? | Colion Noir | GUNS | Rubin Report - YouTube}},
    author = {Rubin, Dave and Noir, Colion},
    url = {https://www.youtube.com/watch?v=60YKAklKFfg}
}

@article{McCullagh2003E-democracy:Revolution,
    title = {{E-democracy: Potential for political revolution?}},
    year = {2003},
    journal = {International Journal of Law and Information Technology},
    author = {McCullagh, Karen},
    number = {2},
    pages = {149--161},
    volume = {11},
    doi = {10.1093/ijlit/11.2.149},
    issn = {14643693}
}

@article{BergmannEPISTEMICDoub,
    title = {{EPISTEMIC CIRCULARITY : MALIGNANT AND BENIGN Michael Bergmann Consider the following dialogue : Is the belief of Juror {\#} 1 that Hank is a trustworthy witness justified ? Most of us would be inclined to say it isn ’ t . Juror {\#} 1 begins by having some doub}},
    journal = {Most},
    author = {Bergmann, Michael},
    pages = {1--23},
    keywords = {Epistemic Circularity}
}

@misc{GramlichFactsCenter,
    title = {{Facts on U.S. gun ownership and gun policy views | Pew Research Center}},
    author = {Gramlich, John and Schaeffer, Katherine},
    url = {https://www.pewresearch.org/fact-tank/2019/10/22/facts-about-guns-in-united-states/}
}

@article{Bhavnani2008FeministEutopia,
    title = {{Feminist futures: From dystopia to eutopia?}},
    year = {2008},
    journal = {Futures},
    author = {Bhavnani, Kum Kum and Foran, John},
    number = {4},
    pages = {319--328},
    volume = {40},
    doi = {10.1016/j.futures.2007.08.009},
    issn = {00163287}
}

@book{Horton2011ForCalvinism,
    title = {{For Calvinism}},
    year = {2011},
    author = {Horton, Michael Scott},
    publisher = {Zondervan},
    url = {https://www.ligonier.org/store/for-calvinism-paperback/},
    address = {Michigan},
    isbn = {9780310324652},
    keywords = {Calvinism, Reformed Theology, Theology}
}

@article{Darian-Smith2020GlobalizingWorldviews,
    title = {{Globalizing Education in Times of Hyper-Nationalism, Rising Authoritarianism, and Shrinking Worldviews}},
    year = {2020},
    journal = {New Global Studies},
    author = {Darian-Smith, Eve},
    number = {1},
    pages = {47--68},
    volume = {14},
    doi = {10.1515/ngs-2019-0020},
    issn = {19400004},
    keywords = {authoritarianism, critical pedagogy, global studies, higher education, neoliberalism, universities}
}

@book{2009GuideMinistry,
    title = {{Guide to Canadian Ministries since Confederation: Life of a Ministry}},
    year = {2009},
    month = {10},
    publisher = {Government of Canada Privy Council Office},
    url = {http://www.pco-bcp.gc.ca/mgm/#LIFE}
}

@misc{GramlichGunCenter,
    title = {{Gun deaths in the U.S.: 10 key questions answered | Pew Research Center}},
    author = {Gramlich, John},
    url = {https://www.pewresearch.org/fact-tank/2019/08/16/what-the-data-says-about-gun-deaths-in-the-u-s/}
}

@misc{Politico2020HalfPOLITICO,
    title = {{Half of Americans Don’t Vote. What Are They Thinking? - POLITICO}},
    year = {2020},
    author = {{Politico}},
    url = {https://www.politico.com/news/magazine/2020/02/19/knight-nonvoter-study-decoding-2020-election-wild-card-115796}
}

@misc{JohnnyB2020HARDYouTube,
    title = {{HARD TRUTH: You are NOT READY - YouTube}},
    year = {2020},
    booktitle = {YouTube},
    author = {{Johnny B}},
    month = {8},
    url = {https://www.youtube.com/watch?v=Gx1slSf5TEc}
}

@misc{DefundthePoliceHomePolice,
    title = {{Home - Defund The Police}},
    author = {{Defund the Police}},
    url = {https://defundthepolice.org/}
}

@book{Maurer2015HowMoney,
    title = {{How Would You Like to Pay?: How Technology is Changing the Future of Money}},
    year = {2015},
    author = {Maurer, Bill},
    pages = {95--118},
    publisher = {Duke University Press}
}

@article{Soguk2007IndigenousPolitics,
    title = {{Indigenous peoples and radical futures in global politics}},
    year = {2007},
    journal = {New Political Science},
    author = {Soguk, Nevzat},
    number = {1},
    pages = {1--22},
    volume = {29},
    doi = {10.1080/07393140601170669},
    issn = {14699931}
}

@misc{Baugh2008IsPossible,
    title = {{Is Bibliolatry Possible?}},
    year = {2008},
    booktitle = {Westminster Seminary California},
    author = {Baugh, S. M.},
    month = {8},
    url = {https://www.wscal.edu/resource-center/is-bibliolatry-possible},
    keywords = {Bible, Bibliolatry, sola scriptura}
}

@article{Kim2010IsHopes,
    title = {{Is the 21st century an "Asian Century"? Raising more reservations than hopes}},
    year = {2010},
    journal = {Pacific Focus},
    author = {Kim, Myongsob and Hodges, Horace Jeffery},
    number = {2},
    pages = {161--180},
    volume = {25},
    doi = {10.1111/j.1976-5118.2010.01040.x},
    issn = {12254657},
    keywords = {Asia, Geopolitics, Identity, Inland Asia, International cooperation, Maritime Asia}
}

@misc{Rogan2020JoeYouTube,
    title = {{Joe Rogan {\&} Colion Noir 2 - The Shifting Culture of Guns - BLM, George Floyd Protest, Police, ep1496 - YouTube}},
    year = {2020},
    booktitle = {YouTube},
    author = {Rogan, Joseph and Noir, Colion},
    url = {https://www.youtube.com/watch?v=GHRJJkT_7EY}
}

@misc{Rogan2020JoeYouTubeb,
    title = {{Joe Rogan Experience {\#}1536 - Edward Snowden - YouTube}},
    year = {2020},
    booktitle = {YouTube},
    author = {Rogan, Joseph and Snowden, Edward},
    month = {9},
    url = {https://www.youtube.com/watch?v=_Rl82OQDoOc}
}

@misc{Rogan2018JoeYouTube,
    title = {{Joe Rogan with Colion Noir | Guns, NRA, Gun Control, Media, Censorship, Mass Shootings - YouTube}},
    year = {2018},
    booktitle = {YouTube},
    author = {Rogan, Joseph and Noir, Colion},
    url = {https://www.youtube.com/watch?v=jX2QbrRFZ-A}
}

@misc{BritanicaKuBritannica,
    title = {{Ku Klux Klan | Definition {\&} History | Britannica}},
    author = {{Britanica}},
    url = {https://www.britannica.com/topic/Ku-Klux-Klan}
}

@article{Mcclanahan2019LifeStagnation,
    title = {{Life Expectancies : Mortality , Exhaustion , and Economic Stagnation}},
    year = {2019},
    journal = {Theory {\&} Event},
    author = {Mcclanahan, Annie},
    number = {2},
    pages = {360--381},
    volume = {22}
}

@misc{LogicChapter1Selection.pdf,
    title = {{LogicChapter1Selection.pdf}}
}

@misc{JospehManchesterTimes,
    title = {{Manchester Shooting That Injured at Least 10 Is Investigated as Attempted Murder - The New York Times}},
    author = {Jospeh, Yonette and Bolon, Anne-Sophie},
    url = {https://www.nytimes.com/2018/08/12/world/europe/uk-manchester-shooting-carnival.html?fbclid=IwAR1zKWc_48bP9MvA805O4HbIcum-K0Dn-7Zg4LVNat5DfZY4AZuh0SPHaKk}
}

@misc{Dever2015MarkChrist,
    title = {{Mark Dever: No Creed but Christ?}},
    year = {2015},
    booktitle = {Ligonier Ministries},
    author = {Dever, Mark},
    month = {7},
    url = {https://www.youtube.com/watch?v=1VVmMxhK6Cg&t=2189s},
    keywords = {Confessionalism, Creeds}
}

@misc{FederalBuraeuofInvestigationNICSFBI,
    title = {{NICS Firearm Checks: Month/Year by State/Type — FBI}},
    author = {{Federal Buraeu of Investigation}},
    url = {https://www.fbi.gov/file-repository/nics_firearm_checks_-_month_year_by_state_type.pdf/view}
}

@misc{TheAmericanVision2009NoChrist,
    title = {{No Creed but Christ}},
    year = {2009},
    booktitle = {The American Vision},
    author = {{The American Vision}},
    month = {4},
    url = {https://americanvision.org/870/no-creed-but-christ/},
    keywords = {Confession, Confessionalism, Creed}
}

@misc{Piper2016NoBible,
    title = {{No Creed But the Bible?}},
    year = {2016},
    booktitle = {Desiring God},
    author = {Piper, John},
    month = {11},
    url = {https://www.youtube.com/watch?v=8rWA-pn86N0},
    keywords = {Confessionalism, Creeds}
}

@misc{Piper2015NoBible,
    title = {{No Creed But the Bible?}},
    year = {2015},
    booktitle = {Desiring God},
    author = {Piper, John},
    month = {10},
    url = {https://www.desiringgod.org/interviews/no-creed-but-the-bible},
    keywords = {Confessionalism, Creeds}
}

@misc{PanickedTold,
    title = {{Panicked Leftists Surprised They Can't Just Purchase a Gun Online Like They Were Told}},
    url = {https://www.thegatewaypundit.com/2020/03/panicked-leftists-surprised-they-cant-just-purchase-a-gun-online-like-they-were-told/}
}

@article{Schafer2007PolicingPolicing,
    title = {{Policing 2020: exploring the future of crime, communities, and policing}},
    year = {2007},
    author = {Schafer, Joseph A.},
    pages = {1--519},
    url = {http://futuresworkinggroup.cos.ucf.edu/publications/Policing2020.pdf}
}

@misc{Sun2020PoorPittance,
    title = {{Poor in Hong Kong: life is hardest for the elderly, jobless and single-parent families living on a pittance}},
    year = {2020},
    booktitle = {South China Morning Post},
    author = {Sun, Fiona},
    url = {https://www.scmp.com/news/hong-kong/politics/article/3045517/poor-hong-kong-life-hardest-elderly-jobless-and-single},
    keywords = {Poverty}
}

@article{Oswin2014QueerLove,
    title = {{Queer time in global city Singapore: Neoliberal futures and the ‘freedom to love’}},
    year = {2014},
    journal = {Sexualities},
    author = {Oswin, Natalie},
    number = {4},
    pages = {412--433},
    volume = {17},
    isbn = {1363460714},
    doi = {10.1177/1363460714524765},
    issn = {14617382},
    keywords = {Futurity, Singapore, global city, heteronormativity, sexual citizenship}
}

@book{Andersen2013RaceBook,
    title = {{Race, Class {\&} Gender: An Anthology Book}},
    year = {2013},
    author = {Andersen, Margaret L. and Collins, Patricia Hill},
    url = {https://cvlesalfabegues.com/search/race-class-gender-an-anthology/}
}

@article{Baker1995RaceAnthology,
    title = {{Race, Class, and Gender: An Anthology}},
    year = {1995},
    journal = {Teaching Sociology},
    author = {Baker, Therese L. and Andersen, Margaret L. and Collins, Patricia Hill},
    number = {2},
    month = {4},
    pages = {190},
    volume = {23},
    publisher = {SAGE Publications},
    doi = {10.2307/1319359},
    issn = {0092055X}
}

@misc{RubinRealYouTube,
    title = {{Real Racism and "Bogus" Black Lives Matter (Pt. 1) | Larry Elder | POLITICS | Rubin Report - YouTube}},
    author = {Rubin, Dave and Elder, Larry},
    url = {https://www.youtube.com/watch?v=sqJnzBHURvs}
}

@article{Atanasoki2018ReframingEdge,
    title = {{Reframing critical, literary, and cultural theories: Thought on the edge}},
    year = {2018},
    journal = {Palgrave Macmillan},
    author = {Atanasoki, Neda and McElroy, Erin},
    pages = {273--297},
    isbn = {9783319899909},
    doi = {10.1007/978-3-319-89990-9}
}

@article{Lawrence2019RepresentationGenerations,
    title = {{Representation of future generations}},
    year = {2019},
    journal = {Routledge Handbook of Global Sustainability Governance},
    author = {Lawrence, Peter},
    number = {Bosselmann 2008},
    pages = {88--99},
    doi = {10.4324/9781315170237-8}
}

@unpublished{Ng2018RescueStudents,
    title = {{Rescue Mission: Gamification of Sex Education for Hong Kong Students}},
    year = {2018},
    author = {Ng, Yat Fung Joshua and Xu, Xuanxi and Chu, Samuel and Wu, Wendy},
    institution = {University of Hong Kong},
    address = {Hong Kong},
    keywords = {Education, Sex education, gamification learning}
}

@article{Nicodemo2018SchoolsSay,
    title = {{Schools are safer than they were in the 90s, and school shootings are not more common than they used to be, researchers say}},
    year = {2018},
    journal = {News@Northeastern},
    author = {Nicodemo, Allie and Petronio, Lia},
    url = {https://news.northeastern.edu/2018/02/26/schools-are-still-one-of-the-safest-places-for-children-researcher-says/}
}

@misc{NicodemoSchoolsNortheastern,
    title = {{Schools are safer than they were in the 90s, and school shootings are not more common than they used to be, researchers say - News @ Northeastern}},
    author = {Nicodemo, Allie and Petronio, Lia},
    url = {https://news.northeastern.edu/2018/02/26/schools-are-still-one-of-the-safest-places-for-children-researcher-says/}
}

@article{Tristano2019SexualLongings,
    title = {{Sexual Futures, Queer Gestures, and Other Latina Longings}},
    year = {2019},
    journal = {Text and Performance Quarterly},
    author = {Tristano, Michael},
    pages = {1--2},
    doi = {10.1080/10462937.2019.1707862},
    issn = {1046-2937}
}

@misc{Cheung2016StudentsPost,
    title = {{Students at breaking point: Hong Kong announces emergency measures after 22 suicides since the start of the academic year | South China Morning Post}},
    year = {2016},
    booktitle = {South China Morning Post},
    author = {Cheung, Elizabeth and Chiu, Peace},
    url = {https://www.scmp.com/news/hong-kong/health-environment/article/1923465/students-breaking-point-hong-kong-announces}
}

@article{Oreskes2013TheFuture,
    title = {{The collapse of western civilization: A view from the future}},
    year = {2013},
    journal = {Daedalus},
    author = {Oreskes, Naomi and Conway, Erik M.},
    number = {1},
    pages = {40--58},
    volume = {142},
    doi = {10.1162/DAED{\_}a{\_}00184},
    issn = {00115266}
}

@misc{ParkerTheCenter,
    title = {{The demographics of gun ownership in the U.S. | Pew Research Center}},
    author = {Parker, Kim and Horwitz, Juliana Menansce and Igielnik, Ruth and Oliphant, J. Baxter and Brown, Anna},
    url = {https://www.pewsocialtrends.org/2017/06/22/the-demographics-of-gun-ownership/}
}

@article{Coronil2011The1989-2010,
    title = {{The future in question: History and Utopia in Latin America (1989-2010)}},
    year = {2011},
    journal = {Business as Usual: The Roots of the Global Financial Meltdown},
    author = {Coronil, Fernando},
    pages = {231--264},
    isbn = {0814772773},
    doi = {10.1515/9781478004592-007}
}

@article{Donate2020TheThanksgiving,
    title = {{The Future Is Indigenous : Decolonizing Thanksgiving}},
    year = {2020},
    author = {Donate, About},
    pages = {1--11}
}

@article{Al-Bulushi2020TheStruggle,
    title = {{The global threat of race in the decomposition of struggle}},
    year = {2020},
    journal = {Safundi},
    author = {Al-Bulushi, Yousuf},
    number = {2},
    pages = {140--165},
    volume = {21},
    doi = {10.1080/17533171.2020.1724666},
    issn = {15431304},
    keywords = {European anti-austerity, Occupy Wall Street, South African xenophobia, Threat of race, movement decomposition}
}

@article{GovernmentofHongKong2018TheRegion,
    title = {{The Government of the Hong Kong Special Administrative Region}},
    year = {2018},
    author = {{Government of Hong Kong}},
    volume = {CAD 359},
    isbn = {0674179579},
    doi = {10.1080/00927678.1990.10553569}
}

@article{McClanahan2011TheDebt,
    title = {{The Living Indebted: Student Militancy and the Financialization of Debt}},
    year = {2011},
    journal = {Qui Parle: Critical Humanities and Social Sciences},
    author = {McClanahan, Annie},
    number = {10},
    pages = {53},
    volume = {3},
    keywords = {Biological invasion, Brazil, Control methods, Ilha Grande, Jackfruit, Triclopyr}
}

@article{Papava2006TheRevolution,
    title = {{The Political Economy of Georgia's Rose Revolution}},
    year = {2006},
    journal = {Orbis},
    author = {Papava, Vladimer},
    number = {4},
    pages = {657--667},
    volume = {50},
    doi = {10.1016/j.orbis.2006.07.006},
    issn = {00304387}
}

@misc{Frank2020TheGambit,
    title = {{The Queen's Gambit}},
    year = {2020},
    author = {Frank, Scott and Scott, Allan},
    publisher = {Netflix}
}

@book{Tevis1983TheGambit,
    title = {{The Queen's Gambit}},
    year = {1983},
    author = {Tevis, Walter},
    pages = {243},
    publisher = {Random House},
    isbn = {1-4000-3060-9}
}

@misc{PBSThePBS,
    title = {{The Rise of American Consumerism | American Experience | Official Site | PBS}},
    author = {{PBS}},
    url = {https://www.pbs.org/wgbh/americanexperience/features/tupperware-consumer/}
}

@article{Bell2018TheTraders,
    title = {{The Space Traders}},
    year = {2018},
    journal = {Hachette UK},
    author = {Bell, Derek},
    number = {1995},
    pages = {74--76},
    url = {https://www.jstage.jst.go.jp/article/ninchishinkeikagaku1999/2/1/2_1_74/_pdf/-char/ja}
}

@misc{Noir2019TheYouTube,
    title = {{The TRUTH About VOX's Video: "The gun solution we're not talking about" - YouTube}},
    year = {2019},
    booktitle = {YouTube},
    author = {Noir, Colion},
    url = {https://www.youtube.com/watch?v=ftTrQgoPZfE}
}

@article{Bishop1998ThingingFuturist,
    title = {{Thinging Like a Futurist}},
    year = {1998},
    journal = {The Futurist, Pro Quest Direct},
    author = {Bishop, Peter},
    pages = {39},
    volume = {32-5}
}

@misc{LuehmannThreadFa,
    title = {{Thread by @JoLuehmann: Ok for the purpose of education, let’s do this: (1) Let’s begin by setting the record straight, Jesus never proselytized; he spoke of his fa{\ldots}}},
    author = {Luehmann, Jo},
    url = {https://threadreaderapp.com/thread/1276156875172610049.html}
}

@misc{LuehmannThreadChri,
    title = {{Thread by @JoLuehmann: Since conservative Christians keep coming at me. Here: I am a Christian and I believe proselytizing is violence against another. I am a Chri{\ldots}}},
    author = {Luehmann, Jo},
    url = {https://threadreaderapp.com/thread/1274883964402929664.html}
}

@misc{Cox2020U.S.Borrowing,
    title = {{U.S. debt surges to {\$}55.9T amid jumps in corporate and government borrowing}},
    year = {2020},
    author = {Cox, Jeff},
    url = {https://www.cnbc.com/2020/06/11/total-us-debt-surges-to-55point9-trillion-amid-big-increases-in-corporate-and-government-borrowing.html}
}

@misc{TradingEconomics2020UnitedHistorical,
    title = {{United States Consumer Spending | 1950-2020 Data | 2021-2022 Forecast | Historical}},
    year = {2020},
    booktitle = {Trading Economics},
    author = {{Trading Economics}},
    url = {https://tradingeconomics.com/united-states/consumer-spending}
}

@article{Simons1999WAR:Future,
    title = {{WAR: Back to the Future}},
    year = {1999},
    journal = {Annual Reviews Anthropology},
    author = {Simons, Anna},
    pages = {73--108},
    keywords = {a fraught subject, combat, conflict, current state of the, described and ana-, like cul-, lyzed by anthropologists and, militaries, n abstract war is, nonanthropologists who employ concepts, often fight about it, study of war, this chapter examines the, those who study it, warfare}
}

@article{Plantinga2001WarrantedPlantinga,
    title = {{Warranted Christian Belief. Alvin Plantinga}},
    year = {2001},
    journal = {Mind},
    author = {Plantinga, Alvin},
    number = {440},
    pages = {1110--1115},
    volume = {110},
    doi = {10.1093/mind/110.440.1110},
    issn = {0026-4423},
    keywords = {Epistemic Circularity}
}

@misc{PetersonWhatInsider,
    title = {{What buying a gun from Walmart is really like - Business Insider}},
    author = {Peterson, Haley},
    url = {https://www.businessinsider.com/walmart-gun-buying-review-virginia-store-2019-8?op=1}
}

@misc{GotQuestionsWhatBibliolatry,
    title = {{What is bibliolatry?}},
    booktitle = {Got Questions},
    author = {{Got Questions}},
    url = {https://www.gotquestions.org/bibliolatry.html},
    keywords = {Bibliolatry, Sola Scriptura}
}

@article{Houpt2003WhatBe,
    title = {{What kind of dentist do you want to be?}},
    year = {2003},
    journal = {Pediatric dentistry},
    author = {Houpt, Milton I.},
    number = {6},
    pages = {526},
    volume = {25},
    issn = {01641263},
    pmid = {14733464}
}

@misc{BlackLivesMatterWhatMatter,
    title = {{What We Believe - Black Lives Matter}},
    author = {{Black Lives Matter}},
    url = {https://blacklivesmatter.com/what-we-believe/}
}

@misc{Smith2020WhenPrevail,
    title = {{When Should Doctrine Divide, and When Should Unity Prevail?}},
    year = {2020},
    booktitle = {Christianity Today},
    author = {Smith, Brandon},
    month = {4},
    url = {https://www.christianitytoday.com/ct/2020/april-web-only/gavin-ortlund-theological-triage-finding-right-hills-die.html},
    keywords = {Christianity, Doctrine}
}

@book{DiAngelo2018WhiteRacism,
    title = {{White Fragility: Why It's So Hard for White People to Talk About Racism}},
    year = {2018},
    author = {DiAngelo, Robin},
    pages = {192},
    doi = {https://dx.doi.org/10.1177/1468017319868330}
}

@article{Frey2020WhiteDiAngelo,
    title = {{White fragility: Why it’s so hard for white people to talk about racism Robin DiAngelo}},
    year = {2020},
    journal = {Journal of Social Work},
    author = {Frey, William R},
    number = {1},
    month = {1},
    pages = {123--125},
    volume = {20},
    publisher = {SAGE Publications},
    doi = {10.1177/1468017319868330},
    issn = {1468-0173}
}

@misc{NoirWhyYouTube,
    title = {{Why New Gun Owners Should Fear A Joe Biden Presidency - YouTube}},
    author = {Noir, Colion},
    url = {https://www.youtube.com/watch?v=1fimR2znLTg}
}

@article{TheUniversityofChicagoWritinginMcEnerney,
    title = {{Writingin College , by Joseph M . Williams and Lawrence McEnerney}},
    author = {{The University of Chicago}}
}

@misc{YouMinistries,
    title = {{You Don’t Need to Be ‘Woke’ to Be Biblical: A Review of Eric Mason’s ‘Woke Church’ - Founders Ministries}},
    url = {https://founders.org/reviews/you-dont-need-to-be-woke-to-be-biblical-a-review-of-eric-masons-woke-church/}
}

@misc{PeterC.Baker2020WeGuardian,
    title = {{‘We can’t go back to normal’: how will coronavirus change the world? | World news | The Guardian}},
    year = {2020},
    booktitle = {The Guardian},
    author = {{Peter C. Baker}},
    month = {3},
    url = {https://www.theguardian.com/world/2020/mar/31/how-will-the-world-emerge-from-the-coronavirus-crisis}
}

@article{Beker2020WeGuardian,
    title = {{‘We can’t go back to normal’: how will coronavirus change the world? | World news | The Guardian}},
    year = {2020},
    journal = {The Guardian},
    author = {Beker, Peter},
    pages = {1--10},
    url = {https://www.theguardian.com/world/2020/mar/31/how-will-the-world-emerge-from-the-coronavirus-crisis}
}